<marc:record>
        <marc:leader>04436cam a2200685 a 4500</marc:leader>
        <marc:controlfield tag="001">199576-2</marc:controlfield>
        <marc:controlfield tag="005">20141120170854.0</marc:controlfield>
        <marc:controlfield tag="008">851220s1769    ie            00010 eng d</marc:controlfield>
        <marc:datafield ind1=" " ind2=" " tag="035">
            <marc:subfield code="a">(OCoLC)ocm16111153</marc:subfield></marc:datafield>
        <marc:datafield ind1=" " ind2=" " tag="035">
            <marc:subfield code="a">(OCoLC)16111153</marc:subfield>
        </marc:datafield>
        <marc:datafield ind1=" " ind2=" " tag="035">
            <marc:subfield code="a">(CStRLIN)PAUG85-B45200</marc:subfield>
        </marc:datafield>
        <marc:datafield ind1=" " ind2=" " tag="035">
            <marc:subfield code="a">(CaOTULAS)121284627</marc:subfield>
        </marc:datafield>
        <marc:datafield ind1=" " ind2=" " tag="035">
            <marc:subfield code="9">ABC4499</marc:subfield>
        </marc:datafield>
        <marc:datafield ind1=" " ind2=" " tag="035">
            <marc:subfield code="a">199576</marc:subfield>
        </marc:datafield>
        <marc:datafield ind1=" " ind2=" " tag="040">
            <marc:subfield code="a">PU</marc:subfield>
            <marc:subfield code="c">PU</marc:subfield>
        </marc:datafield>
        <marc:datafield ind1=" " ind2=" " tag="090">
            <marc:subfield code="a">PR3291.A6</marc:subfield>
            <marc:subfield code="b">L324 1769b</marc:subfield>
            <marc:subfield code="i">01/03/86 CT</marc:subfield>
        </marc:datafield>
        <marc:datafield ind1="0" ind2=" " tag="100">
            <marc:subfield code="a">Lady.</marc:subfield>
        </marc:datafield>
        <marc:datafield ind1="1" ind2="4" tag="245">
            <marc:subfield code="a">The history of Miss Sommervile /</marc:subfield>
            <marc:subfield code="c">written by a lady : in two volumes.</marc:subfield>
        </marc:datafield>
        <marc:datafield ind1="1" ind2="4" tag="246">
            <marc:subfield code="a">The history of Miss Sommervile. Written by a lady. In two volume. Vol. I.</marc:subfield>
            <marc:subfield code="d">Letter-press</marc:subfield>
            <marc:subfield code="g">Full</marc:subfield>
            <marc:subfield code="x">Volume</marc:subfield>
            <marc:subfield code="v">v.1</marc:subfield>
        </marc:datafield>
        <marc:datafield ind1="1" ind2="4" tag="246">
            <marc:subfield code="a">The history of Miss Sommervile. Vol. II.</marc:subfield>
            <marc:subfield code="d">Letter-press</marc:subfield>
            <marc:subfield code="g">Half</marc:subfield>
            <marc:subfield code="x">Volume</marc:subfield>
            <marc:subfield code="v">v.2</marc:subfield>
        </marc:datafield>
        <marc:datafield ind1="1" ind2="4" tag="246">
            <marc:subfield code="a">The history of Miss Sommervile. Written by a lady. In two volumes. Vol. II. </marc:subfield>
            <marc:subfield code="d">Letter-press</marc:subfield>
            <marc:subfield code="g">Full</marc:subfield>
            <marc:subfield code="x">Volume</marc:subfield>
            <marc:subfield code="v">v.2</marc:subfield>
        </marc:datafield>
        <marc:datafield ind1="0" ind2="7" tag="246">
            <marc:subfield code="a">The history of Miss Sommervile.</marc:subfield>
            <marc:subfield code="v">v.1</marc:subfield>
            <marc:subfield code="v">v.2</marc:subfield>
        </marc:datafield>
        <marc:datafield ind1="0" ind2="7" tag="246">
            <marc:subfield code="a">The history of (verso)</marc:subfield>
            <marc:subfield code="a">Miss Sommervile. (recto)</marc:subfield>
            <marc:subfield code="v">v.1</marc:subfield>
            <marc:subfield code="v">v.2</marc:subfield>
        </marc:datafield>
        <marc:datafield ind1=" " ind2=" " tag="260">
            <marc:subfield code="a">Dublin :</marc:subfield>
            <marc:subfield code="b">Printed by D. Chamberlaine, W. Sleator, J. Potts, J. Williams, and C. Ingham.</marc:subfield>
            <marc:subfield code="c">MDCCLXIX.</marc:subfield>
            <marc:subfield code="c">1769</marc:subfield>
        </marc:datafield>
        <marc:datafield ind1=" " ind2=" " tag="300">
            <marc:subfield code="a">[4], 303, [5] p. ;</marc:subfield>
            <marc:subfield code="c">18 cm. (12mo)</marc:subfield>
            <marc:subfield code="x">Duodecimo</marc:subfield>
            <marc:subfield code="z">In two volumes.</marc:subfield>
            <marc:subfield code="a">[1 v.]</marc:subfield>
        </marc:datafield>
        <marc:datafield ind1=" " ind2=" " tag="500">
            <marc:subfield code="a">Issued in one vol.; full t.p. of v. 2: p. [143]</marc:subfield>
        </marc:datafield>
        <marc:datafield ind1=" " ind2=" " tag="500">
            <marc:subfield code="a">Library-related marginalia; numbers and letters; pencil; verso, back free endpaper; p.1 main text v.1.</marc:subfield>
        </marc:datafield>
        <marc:datafield ind1=" " ind2=" " tag="500">
            <marc:subfield code="a">Title page of v.1 reads &quot;&quot;In two volume&quot;&quot; which appears to be a printing mistake or an erasure due to time and wear. Title page of v.2 reads &quot;&quot;In two volumes&quot;&quot;, a correct work qualifier.&quot;</marc:subfield>
        </marc:datafield>
        <marc:datafield ind1=" " ind2=" " tag="500">
            <marc:subfield code="a">Bookplate- &quot;&quot;Lewis C. Kinchela&quot;</marc:subfield>
        </marc:datafield>
        <marc:datafield ind1=" " ind2=" " tag="500">
            <marc:subfield code="a">Imperfect: several leaves are torn or partially missing, including upper half of B3 (p 5-6), bottom third of O4 (p 295-296), and bottom right corner of O6 (p 299-300).</marc:subfield>
        </marc:datafield>
        <marc:datafield ind1=" " ind2=" " tag="500">
            <marc:subfield code="a">Sleator used as an alternate spelling of Sleater in the publishing information.</marc:subfield>
        </marc:datafield>
        <marc:datafield ind1=" " ind2=" " tag="500">
            <marc:subfield code="a">Advertisements: p. [2]-[5] at end.</marc:subfield>
        </marc:datafield>
        <marc:datafield ind1="4" ind2=" " tag="510">
            <marc:subfield code="a">ESTC (RLIN)</marc:subfield>
            <marc:subfield code="c">N7433</marc:subfield>
        </marc:datafield>
        <marc:datafield ind1="4" ind2=" " tag="510">
            <marc:subfield code="a">Block, A.  Engl. novel (1961 ed.),</marc:subfield>
            <marc:subfield code="c">p. 107</marc:subfield>
        </marc:datafield>
        <marc:datafield ind1=" " ind2=" " tag="590">
            <marc:subfield code="a">Copy 2 imperfect: pages 5-6, 295-296 wanting; p. 299 torn, with some parts wanting.</marc:subfield>
        </marc:datafield>
        <marc:datafield ind1=" " ind2=" " tag="592">
            <marc:subfield code="a">Epistolary</marc:subfield>
        </marc:datafield>
        <marc:datafield ind1=" " ind2=" " tag="594">
            <marc:subfield code="a">Lewis C. Kinchela 1801</marc:subfield>
            <marc:subfield code="b">Ink</marc:subfield>
            <marc:subfield code="x">Stamped in black ink, title page v.1. Same name appears on the bookplate.</marc:subfield>
        </marc:datafield>
        <marc:datafield ind1=" " ind2=" " tag="595">
            <marc:subfield code="a">Ink</marc:subfield>
            <marc:subfield code="b">Words</marc:subfield>
            <marc:subfield code="v">v.1</marc:subfield>
            <marc:subfield code="x">Appears on title page of v.1</marc:subfield>
            <marc:subfield code="x">Transcription: &quot;&quot;in one&quot;&quot; has been written in after the printed &quot;&quot;In two volume&quot;&quot;.</marc:subfield>
            <marc:subfield code="x">Transcription: &quot;&quot;&amp; 2. see page 139&quot;&quot; has been written in after the printed &quot;&quot;Vol. I.&quot;&quot;.&quot;</marc:subfield>
        </marc:datafield>
        <marc:datafield ind1="4" ind2=" " tag="599">
            <marc:subfield code="a">Author (text)</marc:subfield>
            <marc:subfield code="b">Generic/Descriptive</marc:subfield>
            <marc:subfield code="2">Written by a lady.</marc:subfield>
            <marc:subfield code="3">Title Page</marc:subfield>
            <marc:subfield code="6">Female</marc:subfield>
        </marc:datafield>
        <marc:datafield ind1=" " ind2="4" tag="650">
            <marc:subfield code="a">CHR 1769</marc:subfield>
        </marc:datafield>
        <marc:datafield ind1=" " ind2="4" tag="650">
            <marc:subfield code="a">PRO Kinchela, Lewis C. (stamp) (bookplate) (copy 2)</marc:subfield>
        </marc:datafield>
        <marc:datafield ind1=" " ind2="7" tag="655">
            <marc:subfield code="a">Publishers\' advertisements</marc:subfield>
            <marc:subfield code="z">Ireland</marc:subfield>
            <marc:subfield code="y">18th century.</marc:subfield>
            <marc:subfield code="2">rbgenr</marc:subfield>
        </marc:datafield>
        <marc:datafield ind1=" " ind2="7" tag="656">
            <marc:subfield code="a">Fiction</marc:subfield>
            <marc:subfield code="b">Back</marc:subfield>
            <marc:subfield code="c">Same publisher</marc:subfield>
            <marc:subfield code="c">Same genre</marc:subfield>
            <marc:subfield code="x">Advertisement heading: &quot;&quot;New books of entertainment, published by D. Chamberlaine, W. Sleator, J. Potts, J. Williams, and C. Ingham.&quot;</marc:subfield>
        </marc:datafield>
        <marc:datafield ind1=" " ind2="7" tag="656">
            <marc:subfield code="a">Mixed Genre</marc:subfield>
            <marc:subfield code="b">Back</marc:subfield>
            <marc:subfield code="c">Same publisher</marc:subfield>
            <marc:subfield code="x">Heading: &quot;&quot;New books of entertainment.&quot;&quot;</marc:subfield>
            <marc:subfield code="x">Second page advertises Letters concerning the present state of the French nation and Letters on different subjects (Mrs. Pennington)&quot;</marc:subfield>
        </marc:datafield>
        <marc:datafield ind1=" " ind2="7" tag="656">
            <marc:subfield code="a">Mixed Genre</marc:subfield>
            <marc:subfield code="b">Back</marc:subfield>
            <marc:subfield code="c">Same publisher</marc:subfield>
            <marc:subfield code="x">Heading: &quot;&quot;New books of entertainment.&quot;&quot;</marc:subfield>
            <marc:subfield code="x">Third page advertises several novels, histories, and tales.&quot;</marc:subfield>
        </marc:datafield>
        <marc:datafield ind1=" " ind2="7" tag="656">
            <marc:subfield code="a">Mixed Genre</marc:subfield>
            <marc:subfield code="b">Back</marc:subfield>
            <marc:subfield code="c">Same publisher</marc:subfield>
            <marc:subfield code="x">Heading: &quot;&quot;New books of entertainment.&quot;&quot;</marc:subfield>
            <marc:subfield code="x">Fourth page advertises a book of Travels through Germany and the novel Agreeable Ugliness.&quot;</marc:subfield>
        </marc:datafield>
        <marc:datafield ind1="2" ind2=" " tag="700">
            <marc:subfield code="a">Kinchela, Lewis C.</marc:subfield>
            <marc:subfield code="4">Inscribed by</marc:subfield>
            <marc:subfield code="5">Unauthorized</marc:subfield>
        </marc:datafield>
        <marc:datafield ind1="2" ind2=" " tag="700">
            <marc:subfield code="a">Chamberlaine, Dillon</marc:subfield>
            <marc:subfield code="d">d. 1790</marc:subfield>
            <marc:subfield code="4">Printed by</marc:subfield>
            <marc:subfield code="5">Authorized</marc:subfield>
        </marc:datafield>
        <marc:datafield ind1="2" ind2=" " tag="700">
            <marc:subfield code="a">Sleater, William</marc:subfield>
            <marc:subfield code="d">d. 1801</marc:subfield>
            <marc:subfield code="4">Printed by</marc:subfield>
            <marc:subfield code="5">Authorized</marc:subfield>
        </marc:datafield>
        <marc:datafield ind1="2" ind2=" " tag="700">
            <marc:subfield code="a">Potts, James</marc:subfield>
            <marc:subfield code="d">d.1775</marc:subfield>
            <marc:subfield code="4">Printed by</marc:subfield>
            <marc:subfield code="5">Authorized</marc:subfield>
        </marc:datafield>
        <marc:datafield ind1="2" ind2=" " tag="700">
            <marc:subfield code="a">Williams, James</marc:subfield>
            <marc:subfield code="4">Printed by</marc:subfield>
            <marc:subfield code="5">Unauthorized</marc:subfield>
        </marc:datafield>
        <marc:datafield ind1="2" ind2=" " tag="700">
            <marc:subfield code="a">Ingham, Charles</marc:subfield>
            <marc:subfield code="4">Printed by</marc:subfield>
            <marc:subfield code="5">Unauthorized</marc:subfield>
        </marc:datafield>
        <marc:datafield ind1="2" ind2=" " tag="710">
            <marc:subfield code="a">Collection of British and American Fiction, 1660-1830 (University of Pennsylvania)</marc:subfield>
            <marc:subfield code="5">PU</marc:subfield>
        </marc:datafield>
        <marc:datafield ind1="2" ind2=" " tag="710">
            <marc:subfield code="a">Early Novels</marc:subfield>
            <marc:subfield code="5">University of Pennsylvania</marc:subfield>
        </marc:datafield>
        <marc:datafield ind1=" " ind2=" " tag="752">
            <marc:subfield code="a">Ireland</marc:subfield>
            <marc:subfield code="d">Dublin.</marc:subfield>
        </marc:datafield>
        <marc:datafield ind1=" " ind2=" " tag="950">
            <marc:subfield code="l">RBC</marc:subfield>
            <marc:subfield code="e">\\\\Singer-\\Menden-\\hall\\</marc:subfield>
            <marc:subfield code="i">01/03/86 C</marc:subfield>
        </marc:datafield>
        <marc:datafield ind1=" " ind2=" " tag="955">
            <marc:subfield code="l">RBC</marc:subfield>
            <marc:subfield code="c">1</marc:subfield>
            <marc:subfield code="q">725386</marc:subfield>
            <marc:subfield code="i">01/03/86 C</marc:subfield>
        </marc:datafield>
        <marc:datafield ind1=" " ind2=" " tag="955">
            <marc:subfield code="l">RBC</marc:subfield>
            <marc:subfield code="c">2</marc:subfield>
            <marc:subfield code="q">725554</marc:subfield>
            <marc:subfield code="s">imperfect: p. 5/6, 295/6 missing, 299 torn, parts missing</marc:subfield>
            <marc:subfield code="i">01/03/86 C</marc:subfield>
        </marc:datafield>
        <marc:datafield ind1=" " ind2=" " tag="989">
            <marc:subfield code="2">History</marc:subfield>
            <marc:subfield code="5">Miss Sommervile</marc:subfield>
            <marc:subfield code="2">Miss</marc:subfield>
            <marc:subfield code="6">Write</marc:subfield>
            <marc:subfield code="2">Lady</marc:subfield>
            <marc:subfield code="3">Two</marc:subfield>
            <marc:subfield code="2">Volume</marc:subfield>
        </marc:datafield>
        <marc:datafield ind1=" " ind2=" " tag="999">
            <marc:subfield code="a">MH</marc:subfield>
            <marc:subfield code="b">6/23/15</marc:subfield>
            <marc:subfield code="c">University of Pennsylvania</marc:subfield>
            <marc:subfield code="d">KGP</marc:subfield>
        </marc:datafield>
    </marc:record>